%% This BibTeX bibliography file was created using BibDesk.
%% http://bibdesk.sourceforge.net/

%% Created for jmehr at 2019-04-18 09:20:44 -0600 


%% Saved with string encoding Unicode (UTF-8) 



@article{Johnston2001A-generalisatio,
	Author = {Peter R. Johnston and David Elliott},
	Date-Added = {2019-04-18 09:20:38 -0600},
	Date-Modified = {2019-04-18 09:20:38 -0600},
	Doi = {10.1016/s0377-0427(00)00273-9},
	Journal = {Journal of Computational and Applied Mathematics},
	Month = {jun},
	Number = {1-2},
	Pages = {223--241},
	Publisher = {Elsevier {BV}},
	Title = {A generalisation of Telles' method for evaluating weakly singular boundary element integrals},
	Url = {https://doi.org/10.1016\%2Fs0377-0427\%2800\%2900273-9},
	Volume = {131},
	Year = 2001,
	Bdsk-Url-1 = {https://doi.org/10.1016%5C%2Fs0377-0427%5C%2800%5C%2900273-9},
	Bdsk-Url-2 = {https://doi.org/10.1016/s0377-0427(00)00273-9}}

@book{Piegl1997The-NURBS-Book,
	Author = {Les Piegl and Wayne Tiller},
	Date-Added = {2019-01-14 08:32:18 -0700},
	Date-Modified = {2019-01-14 08:32:18 -0700},
	Doi = {10.1007/978-3-642-59223-2},
	Publisher = {Springer Berlin Heidelberg},
	Title = {The {NURBS} Book},
	Url = {https://doi.org/10.1007\%2F978-3-642-59223-2},
	Year = 1997,
	Bdsk-Url-1 = {https://doi.org/10.1007%5C%2F978-3-642-59223-2},
	Bdsk-Url-2 = {https://doi.org/10.1007/978-3-642-59223-2}}

@article{Heltai2014Nonsingular-iso,
	Author = {Luca Heltai and Marino Arroyo and Antonio DeSimone},
	Date-Added = {2018-12-19 09:57:36 -0700},
	Date-Modified = {2018-12-19 09:57:36 -0700},
	Doi = {10.1016/j.cma.2013.09.017},
	Journal = {Computer Methods in Applied Mechanics and Engineering},
	Month = {jan},
	Pages = {514--539},
	Publisher = {Elsevier {BV}},
	Title = {Nonsingular isogeometric boundary element method for Stokes flows in 3D},
	Url = {https://doi.org/10.1016\%2Fj.cma.2013.09.017},
	Volume = {268},
	Year = 2014,
	Bdsk-File-1 = {YnBsaXN0MDDUAQIDBAUGJCVYJHZlcnNpb25YJG9iamVjdHNZJGFyY2hpdmVyVCR0b3ASAAGGoKgHCBMUFRYaIVUkbnVsbNMJCgsMDxJXTlMua2V5c1pOUy5vYmplY3RzViRjbGFzc6INDoACgAOiEBGABIAFgAdccmVsYXRpdmVQYXRoWWFsaWFzRGF0YV8Qfi4uLy4uLy4uLy4uLy4uL0JveC9SZXNlYXJjaC9SZWZlcmVuY2VQYXBlcnMvSUdBQkVNL05vbnNpbmd1bGFyIGlzb2dlb21ldHJpYyBib3VuZGFyeSBlbGVtZW50IG1ldGhvZCBmb3IgU3Rva2VzIGZsb3dzIGluIDNELnBkZtIXCxgZV05TLmRhdGFPEQJYAAAAAAJYAAIAAANCb3gAAAAAAAAAAAAAAAAAAAAAAAAAAAAAAAAAAAAAQkQAAf////8fTm9uc2luZ3VsYXIgaXNvZ2VvI0ZGRkZGRkZGLnBkZgAAAAAAAAAAAAAAAAAAAAAAAAAAAAAAAAAAAAAAAAAA/////wAAAAAAAAAAAAAAAP////8AAAoAY3UAAAAAAAAAAAAAAAAABklHQUJFTQACAH0vOlVzZXJzOmptZWhyOkJveDpSZXNlYXJjaDpSZWZlcmVuY2VQYXBlcnM6SUdBQkVNOk5vbnNpbmd1bGFyIGlzb2dlb21ldHJpYyBib3VuZGFyeSBlbGVtZW50IG1ldGhvZCBmb3IgU3Rva2VzIGZsb3dzIGluIDNELnBkZgAADgCYAEsATgBvAG4AcwBpAG4AZwB1AGwAYQByACAAaQBzAG8AZwBlAG8AbQBlAHQAcgBpAGMAIABiAG8AdQBuAGQAYQByAHkAIABlAGwAZQBtAGUAbgB0ACAAbQBlAHQAaABvAGQAIABmAG8AcgAgAFMAdABvAGsAZQBzACAAZgBsAG8AdwBzACAAaQBuACAAMwBEAC4AcABkAGYADwAIAAMAQgBvAHgAEgBsL1Jlc2VhcmNoL1JlZmVyZW5jZVBhcGVycy9JR0FCRU0vTm9uc2luZ3VsYXIgaXNvZ2VvbWV0cmljIGJvdW5kYXJ5IGVsZW1lbnQgbWV0aG9kIGZvciBTdG9rZXMgZmxvd3MgaW4gM0QucGRmABMAEC9Vc2Vycy9qbWVoci9Cb3gAFQACAAz//wAAgAbSGxwdHlokY2xhc3NuYW1lWCRjbGFzc2VzXU5TTXV0YWJsZURhdGGjHR8gVk5TRGF0YVhOU09iamVjdNIbHCIjXE5TRGljdGlvbmFyeaIiIF8QD05TS2V5ZWRBcmNoaXZlctEmJ1Ryb290gAEACAARABoAIwAtADIANwBAAEYATQBVAGAAZwBqAGwAbgBxAHMAdQB3AIQAjgEPARQBHAN4A3oDfwOKA5MDoQOlA6wDtQO6A8cDygPcA98D5AAAAAAAAAIBAAAAAAAAACgAAAAAAAAAAAAAAAAAAAPm},
	Bdsk-Url-1 = {https://doi.org/10.1016%5C%2Fj.cma.2013.09.017},
	Bdsk-Url-2 = {https://doi.org/10.1016/j.cma.2013.09.017}}

@article{Klaseboer2009A-note-on-true-,
	Author = {Evert Klaseboer and Carlos Rosales Fernandez and Boo Cheong Khoo},
	Date-Added = {2018-12-19 09:51:48 -0700},
	Date-Modified = {2018-12-19 09:51:48 -0700},
	Doi = {10.1016/j.enganabound.2008.12.002},
	Journal = {Engineering Analysis with Boundary Elements},
	Month = {jun},
	Number = {6},
	Pages = {796--801},
	Publisher = {Elsevier {BV}},
	Title = {A note on true desingularisation of boundary integral methods for three-dimensional potential problems},
	Url = {https://doi.org/10.1016\%2Fj.enganabound.2008.12.002},
	Volume = {33},
	Year = 2009,
	Bdsk-File-1 = {YnBsaXN0MDDUAQIDBAUGJCVYJHZlcnNpb25YJG9iamVjdHNZJGFyY2hpdmVyVCR0b3ASAAGGoKgHCBMUFRYaIVUkbnVsbNMJCgsMDxJXTlMua2V5c1pOUy5vYmplY3RzViRjbGFzc6INDoACgAOiEBGABIAFgAdccmVsYXRpdmVQYXRoWWFsaWFzRGF0YV8QnS4uLy4uLy4uLy4uLy4uL0JveC9SZXNlYXJjaC9SZWZlcmVuY2VQYXBlcnMvSUdBQkVNL0Egbm90ZSBvbiB0cnVlIGRlc2luZ3VsYXJpc2F0aW9uIG9mIGJvdW5kYXJ5IGludGVncmFsIG1ldGhvZHMgZm9yIHRocmVlLWRpbWVuc2lvbmFsIHBvdGVudGlhbCBwcm9ibGVtcy5wZGbSFwsYGVdOUy5kYXRhTxEC1AAAAAAC1AACAAADQm94AAAAAAAAAAAAAAAAAAAAAAAAAAAAAAAAAAAAAEJEAAH/////H0Egbm90ZSBvbiB0cnVlIGRlcyNGRkZGRkZGRi5wZGYAAAAAAAAAAAAAAAAAAAAAAAAAAAAAAAAAAAAAAAAAAP////8AAAAAAAAAAAAAAAD/////AAAKAGN1AAAAAAAAAAAAAAAAAAZJR0FCRU0AAgCcLzpVc2VyczpqbWVocjpCb3g6UmVzZWFyY2g6UmVmZXJlbmNlUGFwZXJzOklHQUJFTTpBIG5vdGUgb24gdHJ1ZSBkZXNpbmd1bGFyaXNhdGlvbiBvZiBib3VuZGFyeSBpbnRlZ3JhbCBtZXRob2RzIGZvciB0aHJlZS1kaW1lbnNpb25hbCBwb3RlbnRpYWwgcHJvYmxlbXMucGRmAA4A1gBqAEEAIABuAG8AdABlACAAbwBuACAAdAByAHUAZQAgAGQAZQBzAGkAbgBnAHUAbABhAHIAaQBzAGEAdABpAG8AbgAgAG8AZgAgAGIAbwB1AG4AZABhAHIAeQAgAGkAbgB0AGUAZwByAGEAbAAgAG0AZQB0AGgAbwBkAHMAIABmAG8AcgAgAHQAaAByAGUAZQAtAGQAaQBtAGUAbgBzAGkAbwBuAGEAbAAgAHAAbwB0AGUAbgB0AGkAYQBsACAAcAByAG8AYgBsAGUAbQBzAC4AcABkAGYADwAIAAMAQgBvAHgAEgCLL1Jlc2VhcmNoL1JlZmVyZW5jZVBhcGVycy9JR0FCRU0vQSBub3RlIG9uIHRydWUgZGVzaW5ndWxhcmlzYXRpb24gb2YgYm91bmRhcnkgaW50ZWdyYWwgbWV0aG9kcyBmb3IgdGhyZWUtZGltZW5zaW9uYWwgcG90ZW50aWFsIHByb2JsZW1zLnBkZgAAEwAQL1VzZXJzL2ptZWhyL0JveAAVAAIADP//AACABtIbHB0eWiRjbGFzc25hbWVYJGNsYXNzZXNdTlNNdXRhYmxlRGF0YaMdHyBWTlNEYXRhWE5TT2JqZWN00hscIiNcTlNEaWN0aW9uYXJ5oiIgXxAPTlNLZXllZEFyY2hpdmVy0SYnVHJvb3SAAQAIABEAGgAjAC0AMgA3AEAARgBNAFUAYABnAGoAbABuAHEAcwB1AHcAhACOAS4BMwE7BBMEFQQaBCUELgQ8BEAERwRQBFUEYgRlBHcEegR/AAAAAAAAAgEAAAAAAAAAKAAAAAAAAAAAAAAAAAAABIE=},
	Bdsk-Url-1 = {https://doi.org/10.1016%5C%2Fj.enganabound.2008.12.002},
	Bdsk-Url-2 = {https://doi.org/10.1016/j.enganabound.2008.12.002}}

@article{Wang2019Adjoint-based-a,
	Author = {Kun Wang and Shengjiao Yu and Zheng Wang and Renzhong Feng and Tiegang Liu},
	Date-Added = {2018-12-18 14:35:31 -0700},
	Date-Modified = {2018-12-18 14:35:31 -0700},
	Doi = {10.1016/j.cma.2018.10.033},
	Journal = {Computer Methods in Applied Mechanics and Engineering},
	Month = {feb},
	Pages = {602--625},
	Publisher = {Elsevier {BV}},
	Title = {Adjoint-based airfoil optimization with adaptive isogeometric discontinuous Galerkin method},
	Url = {https://doi.org/10.1016\%2Fj.cma.2018.10.033},
	Volume = {344},
	Year = 2019,
	Bdsk-File-1 = {YnBsaXN0MDDUAQIDBAUGJCVYJHZlcnNpb25YJG9iamVjdHNZJGFyY2hpdmVyVCR0b3ASAAGGoKgHCBMUFRYaIVUkbnVsbNMJCgsMDxJXTlMua2V5c1pOUy5vYmplY3RzViRjbGFzc6INDoACgAOiEBGABIAFgAdccmVsYXRpdmVQYXRoWWFsaWFzRGF0YV8Qki4uLy4uLy4uLy4uLy4uL0JveC9SZXNlYXJjaC9SZWZlcmVuY2VQYXBlcnMvSUdBQkVNL0Fkam9pbnQtYmFzZWQgYWlyZm9pbCBvcHRpbWl6YXRpb24gd2l0aCBhZGFwdGl2ZSBpc29nZW9tZXRyaWMgZGlzY29udGludW91cyBHYWxlcmtpbiBtZXRob2QucGRm0hcLGBlXTlMuZGF0YU8RAqgAAAAAAqgAAgAAA0JveAAAAAAAAAAAAAAAAAAAAAAAAAAAAAAAAAAAAABCRAAB/////x9BZGpvaW50LWJhc2VkIGFpcmYjRkZGRkZGRkYucGRmAAAAAAAAAAAAAAAAAAAAAAAAAAAAAAAAAAAAAAAAAAD/////AAAAAAAAAAAAAAAA/////wAACgBjdQAAAAAAAAAAAAAAAAAGSUdBQkVNAAIAkS86VXNlcnM6am1laHI6Qm94OlJlc2VhcmNoOlJlZmVyZW5jZVBhcGVyczpJR0FCRU06QWRqb2ludC1iYXNlZCBhaXJmb2lsIG9wdGltaXphdGlvbiB3aXRoIGFkYXB0aXZlIGlzb2dlb21ldHJpYyBkaXNjb250aW51b3VzIEdhbGVya2luIG1ldGhvZC5wZGYAAA4AwABfAEEAZABqAG8AaQBuAHQALQBiAGEAcwBlAGQAIABhAGkAcgBmAG8AaQBsACAAbwBwAHQAaQBtAGkAegBhAHQAaQBvAG4AIAB3AGkAdABoACAAYQBkAGEAcAB0AGkAdgBlACAAaQBzAG8AZwBlAG8AbQBlAHQAcgBpAGMAIABkAGkAcwBjAG8AbgB0AGkAbgB1AG8AdQBzACAARwBhAGwAZQByAGsAaQBuACAAbQBlAHQAaABvAGQALgBwAGQAZgAPAAgAAwBCAG8AeAASAIAvUmVzZWFyY2gvUmVmZXJlbmNlUGFwZXJzL0lHQUJFTS9BZGpvaW50LWJhc2VkIGFpcmZvaWwgb3B0aW1pemF0aW9uIHdpdGggYWRhcHRpdmUgaXNvZ2VvbWV0cmljIGRpc2NvbnRpbnVvdXMgR2FsZXJraW4gbWV0aG9kLnBkZgATABAvVXNlcnMvam1laHIvQm94ABUAAgAM//8AAIAG0hscHR5aJGNsYXNzbmFtZVgkY2xhc3Nlc11OU011dGFibGVEYXRhox0fIFZOU0RhdGFYTlNPYmplY3TSGxwiI1xOU0RpY3Rpb25hcnmiIiBfEA9OU0tleWVkQXJjaGl2ZXLRJidUcm9vdIABAAgAEQAaACMALQAyADcAQABGAE0AVQBgAGcAagBsAG4AcQBzAHUAdwCEAI4BIwEoATAD3APeA+MD7gP3BAUECQQQBBkEHgQrBC4EQARDBEgAAAAAAAACAQAAAAAAAAAoAAAAAAAAAAAAAAAAAAAESg==},
	Bdsk-Url-1 = {https://doi.org/10.1016%5C%2Fj.cma.2018.10.033},
	Bdsk-Url-2 = {https://doi.org/10.1016/j.cma.2018.10.033}}

@article{Gillebaart2016Low-fidelity-2D,
	Author = {E. Gillebaart and R. De Breuker},
	Date-Added = {2018-12-18 14:34:55 -0700},
	Date-Modified = {2018-12-18 14:34:55 -0700},
	Doi = {10.1016/j.cma.2016.03.014},
	Journal = {Computer Methods in Applied Mechanics and Engineering},
	Month = {jun},
	Pages = {512--536},
	Publisher = {Elsevier {BV}},
	Title = {Low-fidelity 2D isogeometric aeroelastic analysis and optimization method with application to a morphing airfoil},
	Url = {https://doi.org/10.1016\%2Fj.cma.2016.03.014},
	Volume = {305},
	Year = 2016,
	Bdsk-File-1 = {YnBsaXN0MDDUAQIDBAUGJCVYJHZlcnNpb25YJG9iamVjdHNZJGFyY2hpdmVyVCR0b3ASAAGGoKgHCBMUFRYaIVUkbnVsbNMJCgsMDxJXTlMua2V5c1pOUy5vYmplY3RzViRjbGFzc6INDoACgAOiEBGABIAFgAdccmVsYXRpdmVQYXRoWWFsaWFzRGF0YV8Qpy4uLy4uLy4uLy4uLy4uL0JveC9SZXNlYXJjaC9SZWZlcmVuY2VQYXBlcnMvSUdBQkVNL0xvdy1maWRlbGl0eSAyRCBpc29nZW9tZXRyaWMgYWVyb2VsYXN0aWMgYW5hbHlzaXMgYW5kIG9wdGltaXphdGlvbiBtZXRob2Qgd2l0aCBhcHBsaWNhdGlvbiB0byBhIG1vcnBoaW5nIGFpcmZvaWwucGRm0hcLGBlXTlMuZGF0YU8RAvwAAAAAAvwAAgAAA0JveAAAAAAAAAAAAAAAAAAAAAAAAAAAAAAAAAAAAABCRAAB/////x9Mb3ctZmlkZWxpdHkgMkQgaXMjRkZGRkZGRkYucGRmAAAAAAAAAAAAAAAAAAAAAAAAAAAAAAAAAAAAAAAAAAD/////AAAAAAAAAAAAAAAA/////wAACgBjdQAAAAAAAAAAAAAAAAAGSUdBQkVNAAIApi86VXNlcnM6am1laHI6Qm94OlJlc2VhcmNoOlJlZmVyZW5jZVBhcGVyczpJR0FCRU06TG93LWZpZGVsaXR5IDJEIGlzb2dlb21ldHJpYyBhZXJvZWxhc3RpYyBhbmFseXNpcyBhbmQgb3B0aW1pemF0aW9uIG1ldGhvZCB3aXRoIGFwcGxpY2F0aW9uIHRvIGEgbW9ycGhpbmcgYWlyZm9pbC5wZGYADgDqAHQATABvAHcALQBmAGkAZABlAGwAaQB0AHkAIAAyAEQAIABpAHMAbwBnAGUAbwBtAGUAdAByAGkAYwAgAGEAZQByAG8AZQBsAGEAcwB0AGkAYwAgAGEAbgBhAGwAeQBzAGkAcwAgAGEAbgBkACAAbwBwAHQAaQBtAGkAegBhAHQAaQBvAG4AIABtAGUAdABoAG8AZAAgAHcAaQB0AGgAIABhAHAAcABsAGkAYwBhAHQAaQBvAG4AIAB0AG8AIABhACAAbQBvAHIAcABoAGkAbgBnACAAYQBpAHIAZgBvAGkAbAAuAHAAZABmAA8ACAADAEIAbwB4ABIAlS9SZXNlYXJjaC9SZWZlcmVuY2VQYXBlcnMvSUdBQkVNL0xvdy1maWRlbGl0eSAyRCBpc29nZW9tZXRyaWMgYWVyb2VsYXN0aWMgYW5hbHlzaXMgYW5kIG9wdGltaXphdGlvbiBtZXRob2Qgd2l0aCBhcHBsaWNhdGlvbiB0byBhIG1vcnBoaW5nIGFpcmZvaWwucGRmAAATABAvVXNlcnMvam1laHIvQm94ABUAAgAM//8AAIAG0hscHR5aJGNsYXNzbmFtZVgkY2xhc3Nlc11OU011dGFibGVEYXRhox0fIFZOU0RhdGFYTlNPYmplY3TSGxwiI1xOU0RpY3Rpb25hcnmiIiBfEA9OU0tleWVkQXJjaGl2ZXLRJidUcm9vdIABAAgAEQAaACMALQAyADcAQABGAE0AVQBgAGcAagBsAG4AcQBzAHUAdwCEAI4BOAE9AUUERQRHBEwEVwRgBG4EcgR5BIIEhwSUBJcEqQSsBLEAAAAAAAACAQAAAAAAAAAoAAAAAAAAAAAAAAAAAAAEsw==},
	Bdsk-Url-1 = {https://doi.org/10.1016%5C%2Fj.cma.2016.03.014},
	Bdsk-Url-2 = {https://doi.org/10.1016/j.cma.2016.03.014}}

@article{Kim2007,
	Abstract = {A higher order panel method based on B-spline representation for both the geometry and the solution is developed for the analysis of steady flow around marine propellers. The self-influence functions due to the normal dipole and the source are desingularized through the quadratic transformation, and then shown to be evaluated using conventional numerical quadrature. By selecting a proper order for numerical quadrature, the accuracy of the present method can be increased to the machine limit. The far- and near-field influences are shown to be evaluated based on the same far-field approximation, but the near-field solution requires subdividing the panels into smaller subpanels continuously, which can be effectively implemented due to the B-spline representation of the geometry. A null pressure jump Kutta condition at the trailing edge is found to be effective in stabilizing the solution process and in predicting the correct solution. Numerical experiments indicate that the present method is robust and predicts the pressure distribution on the blade surface, including very close to the tip and trailing edge regions, with far fewer panels than existing low-order panel methods. {\textcopyright} 2007 Elsevier Ltd. All rights reserved.},
	Author = {Kim, G. D. and Lee, C. S. and Kerwin, J. E.},
	Date-Added = {2018-12-18 10:03:02 -0700},
	Date-Modified = {2018-12-18 10:03:02 -0700},
	Doi = {10.1016/j.oceaneng.2007.02.013},
	File = {:Users/jmehr/Box/Research/ReferencePapers/IGABEM/bsplinepanelmethod.pdf:pdf},
	Issn = {00298018},
	Journal = {Ocean Engineering},
	Keywords = {B-spline,Desingularization,High-order panel method,Partitioning method},
	Number = {14-15},
	Pages = {2045--2060},
	Title = {{A B-spline based higher order panel method for analysis of steady flow around marine propellers}},
	Volume = {34},
	Year = {2007},
	Bdsk-File-1 = {YnBsaXN0MDDUAQIDBAUGJCVYJHZlcnNpb25YJG9iamVjdHNZJGFyY2hpdmVyVCR0b3ASAAGGoKgHCBMUFRYaIVUkbnVsbNMJCgsMDxJXTlMua2V5c1pOUy5vYmplY3RzViRjbGFzc6INDoACgAOiEBGABIAFgAdccmVsYXRpdmVQYXRoWWFsaWFzRGF0YV8Qli4uLy4uLy4uLy4uLy4uL0JveC9SZXNlYXJjaC9SZWZlcmVuY2VQYXBlcnMvSUdBQkVNL0EgQi1zcGxpbmUgYmFzZWQgaGlnaGVyIG9yZGVyIHBhbmVsIG1ldGhvZCBmb3IgYW5hbHlzaXMgb2Ygc3RlYWR5IGZsb3cgYXJvdW5kIG1hcmluZSBwcm9wZWxsZXJzLnBkZtIXCxgZV05TLmRhdGFPEQK4AAAAAAK4AAIAAANCb3gAAAAAAAAAAAAAAAAAAAAAAAAAAAAAAAAAAAAAQkQAAf////8fQSBCLXNwbGluZSBiYXNlZCBoI0ZGRkZGRkZGLnBkZgAAAAAAAAAAAAAAAAAAAAAAAAAAAAAAAAAAAAAAAAAA/////wAAAAAAAAAAAAAAAP////8AAAoAY3UAAAAAAAAAAAAAAAAABklHQUJFTQACAJUvOlVzZXJzOmptZWhyOkJveDpSZXNlYXJjaDpSZWZlcmVuY2VQYXBlcnM6SUdBQkVNOkEgQi1zcGxpbmUgYmFzZWQgaGlnaGVyIG9yZGVyIHBhbmVsIG1ldGhvZCBmb3IgYW5hbHlzaXMgb2Ygc3RlYWR5IGZsb3cgYXJvdW5kIG1hcmluZSBwcm9wZWxsZXJzLnBkZgAADgDIAGMAQQAgAEIALQBzAHAAbABpAG4AZQAgAGIAYQBzAGUAZAAgAGgAaQBnAGgAZQByACAAbwByAGQAZQByACAAcABhAG4AZQBsACAAbQBlAHQAaABvAGQAIABmAG8AcgAgAGEAbgBhAGwAeQBzAGkAcwAgAG8AZgAgAHMAdABlAGEAZAB5ACAAZgBsAG8AdwAgAGEAcgBvAHUAbgBkACAAbQBhAHIAaQBuAGUAIABwAHIAbwBwAGUAbABsAGUAcgBzAC4AcABkAGYADwAIAAMAQgBvAHgAEgCEL1Jlc2VhcmNoL1JlZmVyZW5jZVBhcGVycy9JR0FCRU0vQSBCLXNwbGluZSBiYXNlZCBoaWdoZXIgb3JkZXIgcGFuZWwgbWV0aG9kIGZvciBhbmFseXNpcyBvZiBzdGVhZHkgZmxvdyBhcm91bmQgbWFyaW5lIHByb3BlbGxlcnMucGRmABMAEC9Vc2Vycy9qbWVoci9Cb3gAFQACAAz//wAAgAbSGxwdHlokY2xhc3NuYW1lWCRjbGFzc2VzXU5TTXV0YWJsZURhdGGjHR8gVk5TRGF0YVhOU09iamVjdNIbHCIjXE5TRGljdGlvbmFyeaIiIF8QD05TS2V5ZWRBcmNoaXZlctEmJ1Ryb290gAEACAARABoAIwAtADIANwBAAEYATQBVAGAAZwBqAGwAbgBxAHMAdQB3AIQAjgEnASwBNAPwA/ID9wQCBAsEGQQdBCQELQQyBD8EQgRUBFcEXAAAAAAAAAIBAAAAAAAAACgAAAAAAAAAAAAAAAAAAARe},
	Bdsk-Url-1 = {https://doi.org/10.1016/j.oceaneng.2007.02.013}}

@article{Ramachandran2003,
	Author = {Ramachandran, Prabhu and Rajan, S. C. and Ramakrishna, M.},
	Date-Added = {2018-12-18 10:03:02 -0700},
	Date-Modified = {2018-12-18 10:03:02 -0700},
	Doi = {10.1137/S1064827500374662},
	File = {:Users/jmehr/Box/Research/ReferencePapers/IGABEM/A Fast Two-Dimensional Panel Method.pdf:pdf},
	Isbn = {1064827500},
	Issn = {1064-8275},
	Journal = {SIAM Journal on Scientific Computing},
	Keywords = {1,31a99,34b60,35j05,65e05,65y99,76m15,a,ams subject classifications,edge effect,elegant methodology for solving,fast multipole method,introduction,panel method,panel methods provide an,pii,s1064827500374662},
	Number = {6},
	Pages = {1864--1878},
	Title = {{A Fast, Two-Dimensional Panel Method}},
	Url = {http://epubs.siam.org/doi/abs/10.1137/S1064827500374662},
	Volume = {24},
	Year = {2003},
	Bdsk-File-1 = {YnBsaXN0MDDUAQIDBAUGJCVYJHZlcnNpb25YJG9iamVjdHNZJGFyY2hpdmVyVCR0b3ASAAGGoKgHCBMUFRYaIVUkbnVsbNMJCgsMDxJXTlMua2V5c1pOUy5vYmplY3RzViRjbGFzc6INDoACgAOiEBGABIAFgAdccmVsYXRpdmVQYXRoWWFsaWFzRGF0YV8QWi4uLy4uLy4uLy4uLy4uL0JveC9SZXNlYXJjaC9SZWZlcmVuY2VQYXBlcnMvSUdBQkVNL0EgRmFzdCBUd28tRGltZW5zaW9uYWwgUGFuZWwgTWV0aG9kLnBkZtIXCxgZV05TLmRhdGFPEQHIAAAAAAHIAAIAAANCb3gAAAAAAAAAAAAAAAAAAAAAAAAAAAAAAAAAAAAAQkQAAf////8fQSBGYXN0IFR3by1EaW1lbnNpI0ZGRkZGRkZGLnBkZgAAAAAAAAAAAAAAAAAAAAAAAAAAAAAAAAAAAAAAAAAA/////wAAAAAAAAAAAAAAAP////8AAAoAY3UAAAAAAAAAAAAAAAAABklHQUJFTQACAFkvOlVzZXJzOmptZWhyOkJveDpSZXNlYXJjaDpSZWZlcmVuY2VQYXBlcnM6SUdBQkVNOkEgRmFzdCBUd28tRGltZW5zaW9uYWwgUGFuZWwgTWV0aG9kLnBkZgAADgBQACcAQQAgAEYAYQBzAHQAIABUAHcAbwAtAEQAaQBtAGUAbgBzAGkAbwBuAGEAbAAgAFAAYQBuAGUAbAAgAE0AZQB0AGgAbwBkAC4AcABkAGYADwAIAAMAQgBvAHgAEgBIL1Jlc2VhcmNoL1JlZmVyZW5jZVBhcGVycy9JR0FCRU0vQSBGYXN0IFR3by1EaW1lbnNpb25hbCBQYW5lbCBNZXRob2QucGRmABMAEC9Vc2Vycy9qbWVoci9Cb3gAFQACAAz//wAAgAbSGxwdHlokY2xhc3NuYW1lWCRjbGFzc2VzXU5TTXV0YWJsZURhdGGjHR8gVk5TRGF0YVhOU09iamVjdNIbHCIjXE5TRGljdGlvbmFyeaIiIF8QD05TS2V5ZWRBcmNoaXZlctEmJ1Ryb290gAEACAARABoAIwAtADIANwBAAEYATQBVAGAAZwBqAGwAbgBxAHMAdQB3AIQAjgDrAPAA+ALEAsYCywLWAt8C7QLxAvgDAQMGAxMDFgMoAysDMAAAAAAAAAIBAAAAAAAAACgAAAAAAAAAAAAAAAAAAAMy},
	Bdsk-Url-1 = {http://epubs.siam.org/doi/abs/10.1137/S1064827500374662},
	Bdsk-Url-2 = {https://doi.org/10.1137/S1064827500374662}}

@article{Goude2017,
	Abstract = {We develop an efficient and high order panel method with applications in airfoil design. Through the use of analytic work and careful considerations near singularities our approach is quadrature-free. The resulting method is examined with respect to accuracy and efficiency and we discuss the different trade-offs in approximation order and computational complexity. A reference implementation within a package for a two-dimensional fast multipole method is distributed freely.},
	Archiveprefix = {arXiv},
	Arxivid = {1705.04116},
	Author = {Goude, Anders and Engblom, Stefan},
	Date-Added = {2018-12-18 10:03:02 -0700},
	Date-Modified = {2018-12-18 10:03:02 -0700},
	Doi = {10.1016/j.apm.2018.02.010},
	Eprint = {1705.04116},
	File = {:Users/jmehr/Box/Research/ReferencePapers/IGABEM/A general high order two-dimensional panel method.pdf:pdf},
	Issn = {0307904X},
	Journal = {Applied Mathematical Modelling},
	Keywords = {Airfoil design,Boundary element method,Fast multipole method,Potential flow,Vortex method},
	Pages = {1--17},
	Title = {{A general high order two-dimensional panel method}},
	Volume = {60},
	Year = {2017},
	Bdsk-File-1 = {YnBsaXN0MDDUAQIDBAUGJCVYJHZlcnNpb25YJG9iamVjdHNZJGFyY2hpdmVyVCR0b3ASAAGGoKgHCBMUFRYaIVUkbnVsbNMJCgsMDxJXTlMua2V5c1pOUy5vYmplY3RzViRjbGFzc6INDoACgAOiEBGABIAFgAdccmVsYXRpdmVQYXRoWWFsaWFzRGF0YV8QaC4uLy4uLy4uLy4uLy4uL0JveC9SZXNlYXJjaC9SZWZlcmVuY2VQYXBlcnMvSUdBQkVNL0EgZ2VuZXJhbCBoaWdoIG9yZGVyIHR3by1kaW1lbnNpb25hbCBwYW5lbCBtZXRob2QucGRm0hcLGBlXTlMuZGF0YU8RAgAAAAAAAgAAAgAAA0JveAAAAAAAAAAAAAAAAAAAAAAAAAAAAAAAAAAAAABCRAAB/////x9BIGdlbmVyYWwgaGlnaCBvcmQjRkZGRkZGRkYucGRmAAAAAAAAAAAAAAAAAAAAAAAAAAAAAAAAAAAAAAAAAAD/////AAAAAAAAAAAAAAAA/////wAACgBjdQAAAAAAAAAAAAAAAAAGSUdBQkVNAAIAZy86VXNlcnM6am1laHI6Qm94OlJlc2VhcmNoOlJlZmVyZW5jZVBhcGVyczpJR0FCRU06QSBnZW5lcmFsIGhpZ2ggb3JkZXIgdHdvLWRpbWVuc2lvbmFsIHBhbmVsIG1ldGhvZC5wZGYAAA4AbAA1AEEAIABnAGUAbgBlAHIAYQBsACAAaABpAGcAaAAgAG8AcgBkAGUAcgAgAHQAdwBvAC0AZABpAG0AZQBuAHMAaQBvAG4AYQBsACAAcABhAG4AZQBsACAAbQBlAHQAaABvAGQALgBwAGQAZgAPAAgAAwBCAG8AeAASAFYvUmVzZWFyY2gvUmVmZXJlbmNlUGFwZXJzL0lHQUJFTS9BIGdlbmVyYWwgaGlnaCBvcmRlciB0d28tZGltZW5zaW9uYWwgcGFuZWwgbWV0aG9kLnBkZgATABAvVXNlcnMvam1laHIvQm94ABUAAgAM//8AAIAG0hscHR5aJGNsYXNzbmFtZVgkY2xhc3Nlc11OU011dGFibGVEYXRhox0fIFZOU0RhdGFYTlNPYmplY3TSGxwiI1xOU0RpY3Rpb25hcnmiIiBfEA9OU0tleWVkQXJjaGl2ZXLRJidUcm9vdIABAAgAEQAaACMALQAyADcAQABGAE0AVQBgAGcAagBsAG4AcQBzAHUAdwCEAI4A+QD+AQYDCgMMAxEDHAMlAzMDNwM+A0cDTANZA1wDbgNxA3YAAAAAAAACAQAAAAAAAAAoAAAAAAAAAAAAAAAAAAADeA==},
	Bdsk-Url-1 = {https://doi.org/10.1016/j.apm.2018.02.010}}

@article{Simpson2011,
	Abstract = {The concept of isogeometric analysis, where functions that are used to describe geometry in CAD software are used to approximate the unknown fields in numerical simulations, has received great attention in recent years. The method has the potential to have profound impact on engineering design, since the task of meshing, which in some cases can add significant overhead, has been circumvented. Much of the research effort has been focused on finite element implementations of the isogeometric concept, but at present, little has been seen on the application to the Boundary Element Method. The current paper proposes an Isogeometric Boundary Element Method (BEM), which we term IGABEM, applied to two-dimensional elastostatic problems using Non-Uniform Rational B-Splines (NURBS). We find it is a natural fit with the isogeometric concept since both the NURBS approximation and BEM deal with quantities entirely on the boundary. The method is verified against analytical solutions where it is seen that superior accuracies are achieved over a conventional quadratic isoparametric BEM implementation. {\textcopyright} 2011 Elsevier B.V.},
	Author = {Simpson, R. N. and Bordas, S. P.A. and Trevelyan, J. and Rabczuk, T.},
	Date-Added = {2018-12-18 10:03:02 -0700},
	Date-Modified = {2018-12-18 10:03:02 -0700},
	Doi = {10.1016/j.cma.2011.08.008},
	File = {:Users/jmehr/Box/Research/ReferencePapers/IGABEM/iga2d clean.pdf:pdf},
	Isbn = {0045-7825},
	Issn = {00457825},
	Journal = {Computer Methods in Applied Mechanics and Engineering},
	Keywords = {Boundary Element Method,Isogeometric analysis,NURBS},
	Pages = {87--100},
	Publisher = {Elsevier B.V.},
	Title = {{A two-dimensional Isogeometric Boundary Element Method for elastostatic analysis}},
	Url = {http://dx.doi.org/10.1016/j.cma.2011.08.008},
	Volume = {209-212},
	Year = {2011},
	Bdsk-File-1 = {YnBsaXN0MDDUAQIDBAUGJCVYJHZlcnNpb25YJG9iamVjdHNZJGFyY2hpdmVyVCR0b3ASAAGGoKgHCBMUFRYaIVUkbnVsbNMJCgsMDxJXTlMua2V5c1pOUy5vYmplY3RzViRjbGFzc6INDoACgAOiEBGABIAFgAdccmVsYXRpdmVQYXRoWWFsaWFzRGF0YV8Qhy4uLy4uLy4uLy4uLy4uL0JveC9SZXNlYXJjaC9SZWZlcmVuY2VQYXBlcnMvSUdBQkVNL0EgdHdvLWRpbWVuc2lvbmFsIElzb2dlb21ldHJpYyBCb3VuZGFyeSBFbGVtZW50IE1ldGhvZCBmb3IgZWxhc3Rvc3RhdGljIGFuYWx5c2lzLnBkZtIXCxgZV05TLmRhdGFPEQJ8AAAAAAJ8AAIAAANCb3gAAAAAAAAAAAAAAAAAAAAAAAAAAAAAAAAAAAAAQkQAAf////8fQSB0d28tZGltZW5zaW9uYWwgI0ZGRkZGRkZGLnBkZgAAAAAAAAAAAAAAAAAAAAAAAAAAAAAAAAAAAAAAAAAA/////wAAAAAAAAAAAAAAAP////8AAAoAY3UAAAAAAAAAAAAAAAAABklHQUJFTQACAIYvOlVzZXJzOmptZWhyOkJveDpSZXNlYXJjaDpSZWZlcmVuY2VQYXBlcnM6SUdBQkVNOkEgdHdvLWRpbWVuc2lvbmFsIElzb2dlb21ldHJpYyBCb3VuZGFyeSBFbGVtZW50IE1ldGhvZCBmb3IgZWxhc3Rvc3RhdGljIGFuYWx5c2lzLnBkZgAOAKoAVABBACAAdAB3AG8ALQBkAGkAbQBlAG4AcwBpAG8AbgBhAGwAIABJAHMAbwBnAGUAbwBtAGUAdAByAGkAYwAgAEIAbwB1AG4AZABhAHIAeQAgAEUAbABlAG0AZQBuAHQAIABNAGUAdABoAG8AZAAgAGYAbwByACAAZQBsAGEAcwB0AG8AcwB0AGEAdABpAGMAIABhAG4AYQBsAHkAcwBpAHMALgBwAGQAZgAPAAgAAwBCAG8AeAASAHUvUmVzZWFyY2gvUmVmZXJlbmNlUGFwZXJzL0lHQUJFTS9BIHR3by1kaW1lbnNpb25hbCBJc29nZW9tZXRyaWMgQm91bmRhcnkgRWxlbWVudCBNZXRob2QgZm9yIGVsYXN0b3N0YXRpYyBhbmFseXNpcy5wZGYAABMAEC9Vc2Vycy9qbWVoci9Cb3gAFQACAAz//wAAgAbSGxwdHlokY2xhc3NuYW1lWCRjbGFzc2VzXU5TTXV0YWJsZURhdGGjHR8gVk5TRGF0YVhOU09iamVjdNIbHCIjXE5TRGljdGlvbmFyeaIiIF8QD05TS2V5ZWRBcmNoaXZlctEmJ1Ryb290gAEACAARABoAIwAtADIANwBAAEYATQBVAGAAZwBqAGwAbgBxAHMAdQB3AIQAjgEYAR0BJQOlA6cDrAO3A8ADzgPSA9kD4gPnA/QD9wQJBAwEEQAAAAAAAAIBAAAAAAAAACgAAAAAAAAAAAAAAAAAAAQT},
	Bdsk-Url-1 = {http://dx.doi.org/10.1016/j.cma.2011.08.008}}

@article{Ramachandran2000,
	Author = {Ramachandran, Prabhu and Rajan, Sc and Ramakrishna, M},
	Date-Added = {2018-12-18 10:03:02 -0700},
	Date-Modified = {2018-12-18 10:03:02 -0700},
	File = {:Users/jmehr/Box/Research/ReferencePapers/IGABEM/An Accurate Two-Dimensional Panel Method.pdf:pdf},
	Pages = {1--8},
	Title = {{An accurate two-dimensional panel method}},
	Url = {http://www.aero.iitb.ac.in/{~}prabhu/research/papers/cubic-pan-saat.pdf},
	Year = {2000},
	Bdsk-File-1 = {YnBsaXN0MDDUAQIDBAUGJCVYJHZlcnNpb25YJG9iamVjdHNZJGFyY2hpdmVyVCR0b3ASAAGGoKgHCBMUFRYaIVUkbnVsbNMJCgsMDxJXTlMua2V5c1pOUy5vYmplY3RzViRjbGFzc6INDoACgAOiEBGABIAFgAdccmVsYXRpdmVQYXRoWWFsaWFzRGF0YV8QXy4uLy4uLy4uLy4uLy4uL0JveC9SZXNlYXJjaC9SZWZlcmVuY2VQYXBlcnMvSUdBQkVNL0FuIEFjY3VyYXRlIFR3by1EaW1lbnNpb25hbCBQYW5lbCBNZXRob2QucGRm0hcLGBlXTlMuZGF0YU8RAdwAAAAAAdwAAgAAA0JveAAAAAAAAAAAAAAAAAAAAAAAAAAAAAAAAAAAAABCRAAB/////x9BbiBBY2N1cmF0ZSBUd28tRGkjRkZGRkZGRkYucGRmAAAAAAAAAAAAAAAAAAAAAAAAAAAAAAAAAAAAAAAAAAD/////AAAAAAAAAAAAAAAA/////wAACgBjdQAAAAAAAAAAAAAAAAAGSUdBQkVNAAIAXi86VXNlcnM6am1laHI6Qm94OlJlc2VhcmNoOlJlZmVyZW5jZVBhcGVyczpJR0FCRU06QW4gQWNjdXJhdGUgVHdvLURpbWVuc2lvbmFsIFBhbmVsIE1ldGhvZC5wZGYADgBaACwAQQBuACAAQQBjAGMAdQByAGEAdABlACAAVAB3AG8ALQBEAGkAbQBlAG4AcwBpAG8AbgBhAGwAIABQAGEAbgBlAGwAIABNAGUAdABoAG8AZAAuAHAAZABmAA8ACAADAEIAbwB4ABIATS9SZXNlYXJjaC9SZWZlcmVuY2VQYXBlcnMvSUdBQkVNL0FuIEFjY3VyYXRlIFR3by1EaW1lbnNpb25hbCBQYW5lbCBNZXRob2QucGRmAAATABAvVXNlcnMvam1laHIvQm94ABUAAgAM//8AAIAG0hscHR5aJGNsYXNzbmFtZVgkY2xhc3Nlc11OU011dGFibGVEYXRhox0fIFZOU0RhdGFYTlNPYmplY3TSGxwiI1xOU0RpY3Rpb25hcnmiIiBfEA9OU0tleWVkQXJjaGl2ZXLRJidUcm9vdIABAAgAEQAaACMALQAyADcAQABGAE0AVQBgAGcAagBsAG4AcQBzAHUAdwCEAI4A8AD1AP0C3QLfAuQC7wL4AwYDCgMRAxoDHwMsAy8DQQNEA0kAAAAAAAACAQAAAAAAAAAoAAAAAAAAAAAAAAAAAAADSw==},
	Bdsk-Url-1 = {http://www.aero.iitb.ac.in/%7B~%7Dprabhu/research/papers/cubic-pan-saat.pdf}}

@book{moran1984,
	Author = {Jack Moran},
	Date-Added = {2018-12-18 10:03:02 -0700},
	Date-Modified = {2018-12-18 10:03:02 -0700},
	Publisher = {John Wiley and Sons, Inc.},
	Title = {An Introduction to Theoretical and Computational Aerodynamics},
	Year = {1984}}

@article{Politis2014,
	Author = {Politis, C. G. and Papagiannopoulos, A. and Belibassakis, K. A. and Kaklis, P.D. and Kostas, K. V. and Ginnis, A. I. and Gerostathis, T.P.},
	Date-Added = {2018-12-18 10:03:02 -0700},
	Date-Modified = {2018-12-18 10:03:02 -0700},
	File = {:Users/jmehr/Library/Application Support/Mendeley Desktop/Downloaded/Politis et al. - 2014 - An Isogeometric BEM for Exterior Potential-flow Problems Around Lifting Bodies.pdf:pdf},
	Isbn = {9788494284472},
	Journal = {11th World Congress on Computational Mechanics},
	Title = {{An Isogeometric BEM for Exterior Potential-flow Problems Around Lifting Bodies.}},
	Year = {2014},
	Bdsk-File-1 = {YnBsaXN0MDDUAQIDBAUGJCVYJHZlcnNpb25YJG9iamVjdHNZJGFyY2hpdmVyVCR0b3ASAAGGoKgHCBMUFRYaIVUkbnVsbNMJCgsMDxJXTlMua2V5c1pOUy5vYmplY3RzViRjbGFzc6INDoACgAOiEBGABIAFgAdccmVsYXRpdmVQYXRoWWFsaWFzRGF0YV8QhS4uLy4uLy4uLy4uLy4uL0JveC9SZXNlYXJjaC9SZWZlcmVuY2VQYXBlcnMvSUdBQkVNL0FOIElTT0dFT01FVFJJQyBCRU0gRk9SIEVYVEVSSU9SIFBPVEVOVElBTC1GTE9XIFBST0JMRU1TIEFST1VORCBMSUZUSU5HIEJPRElFUy5wZGbSFwsYGVdOUy5kYXRhTxECdAAAAAACdAACAAADQm94AAAAAAAAAAAAAAAAAAAAAAAAAAAAAAAAAAAAAEJEAAH/////H0FOIElTT0dFT01FVFJJQyBCRSNGRkZGRkZGRi5wZGYAAAAAAAAAAAAAAAAAAAAAAAAAAAAAAAAAAAAAAAAAAP////8AAAAAAAAAAAAAAAD/////AAAKAGN1AAAAAAAAAAAAAAAAAAZJR0FCRU0AAgCELzpVc2VyczpqbWVocjpCb3g6UmVzZWFyY2g6UmVmZXJlbmNlUGFwZXJzOklHQUJFTTpBTiBJU09HRU9NRVRSSUMgQkVNIEZPUiBFWFRFUklPUiBQT1RFTlRJQUwtRkxPVyBQUk9CTEVNUyBBUk9VTkQgTElGVElORyBCT0RJRVMucGRmAA4ApgBSAEEATgAgAEkAUwBPAEcARQBPAE0ARQBUAFIASQBDACAAQgBFAE0AIABGAE8AUgAgAEUAWABUAEUAUgBJAE8AUgAgAFAATwBUAEUATgBUAEkAQQBMAC0ARgBMAE8AVwAgAFAAUgBPAEIATABFAE0AUwAgAEEAUgBPAFUATgBEACAATABJAEYAVABJAE4ARwAgAEIATwBEAEkARQBTAC4AcABkAGYADwAIAAMAQgBvAHgAEgBzL1Jlc2VhcmNoL1JlZmVyZW5jZVBhcGVycy9JR0FCRU0vQU4gSVNPR0VPTUVUUklDIEJFTSBGT1IgRVhURVJJT1IgUE9URU5USUFMLUZMT1cgUFJPQkxFTVMgQVJPVU5EIExJRlRJTkcgQk9ESUVTLnBkZgAAEwAQL1VzZXJzL2ptZWhyL0JveAAVAAIADP//AACABtIbHB0eWiRjbGFzc25hbWVYJGNsYXNzZXNdTlNNdXRhYmxlRGF0YaMdHyBWTlNEYXRhWE5TT2JqZWN00hscIiNcTlNEaWN0aW9uYXJ5oiIgXxAPTlNLZXllZEFyY2hpdmVy0SYnVHJvb3SAAQAIABEAGgAjAC0AMgA3AEAARgBNAFUAYABnAGoAbABuAHEAcwB1AHcAhACOARYBGwEjA5sDnQOiA60DtgPEA8gDzwPYA90D6gPtA/8EAgQHAAAAAAAAAgEAAAAAAAAAKAAAAAAAAAAAAAAAAAAABAk=}}

@article{Hess1967,
	Abstract = {This report describes a method for calculating, with the aid of an electronic computer, the incompressible potential flow about arbitrary, non- lifting, three-dimensional bodies. The method utilizes a source density dis- tribution on the surface of the body and solves for the distribution neces- sary to make the normal velocity zero on the boundary. Plane quadrilateral surface elements are used to approximate the body surface, and the integral equation for the surface source density is replaced by a set of linear alge- braic equations for the values of the sourrce density on each of the quadri- lateral elements. After this set of- quations has b*{\v{Z}}en solved, which is accomplished by a Seidel iterative procedure, the flow velocities at points both on and off the body surface are calculated. This approach is completely general. Bodies are not required to be slender, analytically defined , or simply connected. In fact the flow about an ensemble of bodies may be cal- culated, so that interference problems may be investigated. It is only necessary that the body can be satisfactorily approximated by the maximum number of surface elements permitted by the storage capacity of the computing machine. For the IBM 7090 this number varies from 675 for completely general bodies to 4400 for bodies with three planes of symmetry. in the text of the report, the basic formulas of the method are derived and the computational procedure is described in detail. The accuracy of the calculated surface velocities is exhibited by comparing them with analytic solutions for a sphere, ellipsoids of revolution, and tri-axial ellipsoids. Finally, the scope of the method is illustrated by presenting calculated velocity or pressure distributions for a variety of bodies including wing- fuselage combinations, ducts, a body in a wind tunnel, two bodies side by side, and ship hulls.},
	Author = {Hess, J.L. and Smith, A.M.O.},
	Date-Added = {2018-12-18 10:03:02 -0700},
	Date-Modified = {2018-12-18 10:03:02 -0700},
	Doi = {10.1016/0376-0421(67)90003-6},
	File = {:Users/jmehr/Library/Application Support/Mendeley Desktop/Downloaded/Hess, Smith - 1967 - Calculation of potential flow about arbitrary bodies.pdf:pdf},
	Isbn = {0376-0421},
	Issn = {03760421},
	Journal = {Progress in Aerospace Sciences},
	Pages = {1--138},
	Title = {{Calculation of potential flow about arbitrary bodies}},
	Url = {http://linkinghub.elsevier.com/retrieve/pii/0376042167900036},
	Volume = {8},
	Year = {1967},
	Bdsk-Url-1 = {http://linkinghub.elsevier.com/retrieve/pii/0376042167900036},
	Bdsk-Url-2 = {https://doi.org/10.1016/0376-0421(67)90003-6}}

@techreport{Hess1972,
	Author = {Hess, John L. and Smith, A.M.O.},
	Date-Added = {2018-12-18 10:03:02 -0700},
	Date-Modified = {2018-12-18 10:03:02 -0700},
	File = {:Users/jmehr/Box/Research/ReferencePapers/IGABEM/Calculation of Potential Flow About Arbitrary Three-Dimenslonal Lifting Bodies.pdf:pdf},
	Title = {{Calculation of Potential Flow About Arbitrary Three.-Dimenslonal Lifting Bodies}},
	Year = {1972},
	Bdsk-File-1 = {YnBsaXN0MDDUAQIDBAUGJCVYJHZlcnNpb25YJG9iamVjdHNZJGFyY2hpdmVyVCR0b3ASAAGGoKgHCBMUFRYaIVUkbnVsbNMJCgsMDxJXTlMua2V5c1pOUy5vYmplY3RzViRjbGFzc6INDoACgAOiEBGABIAFgAdccmVsYXRpdmVQYXRoWWFsaWFzRGF0YV8QhS4uLy4uLy4uLy4uLy4uL0JveC9SZXNlYXJjaC9SZWZlcmVuY2VQYXBlcnMvSUdBQkVNL0NhbGN1bGF0aW9uIG9mIFBvdGVudGlhbCBGbG93IEFib3V0IEFyYml0cmFyeSBUaHJlZS1EaW1lbnNsb25hbCBMaWZ0aW5nIEJvZGllcy5wZGbSFwsYGVdOUy5kYXRhTxECdAAAAAACdAACAAADQm94AAAAAAAAAAAAAAAAAAAAAAAAAAAAAAAAAAAAAEJEAAH/////H0NhbGN1bGF0aW9uIG9mIFBvdCNGRkZGRkZGRi5wZGYAAAAAAAAAAAAAAAAAAAAAAAAAAAAAAAAAAAAAAAAAAP////8AAAAAAAAAAAAAAAD/////AAAKAGN1AAAAAAAAAAAAAAAAAAZJR0FCRU0AAgCELzpVc2VyczpqbWVocjpCb3g6UmVzZWFyY2g6UmVmZXJlbmNlUGFwZXJzOklHQUJFTTpDYWxjdWxhdGlvbiBvZiBQb3RlbnRpYWwgRmxvdyBBYm91dCBBcmJpdHJhcnkgVGhyZWUtRGltZW5zbG9uYWwgTGlmdGluZyBCb2RpZXMucGRmAA4ApgBSAEMAYQBsAGMAdQBsAGEAdABpAG8AbgAgAG8AZgAgAFAAbwB0AGUAbgB0AGkAYQBsACAARgBsAG8AdwAgAEEAYgBvAHUAdAAgAEEAcgBiAGkAdAByAGEAcgB5ACAAVABoAHIAZQBlAC0ARABpAG0AZQBuAHMAbABvAG4AYQBsACAATABpAGYAdABpAG4AZwAgAEIAbwBkAGkAZQBzAC4AcABkAGYADwAIAAMAQgBvAHgAEgBzL1Jlc2VhcmNoL1JlZmVyZW5jZVBhcGVycy9JR0FCRU0vQ2FsY3VsYXRpb24gb2YgUG90ZW50aWFsIEZsb3cgQWJvdXQgQXJiaXRyYXJ5IFRocmVlLURpbWVuc2xvbmFsIExpZnRpbmcgQm9kaWVzLnBkZgAAEwAQL1VzZXJzL2ptZWhyL0JveAAVAAIADP//AACABtIbHB0eWiRjbGFzc25hbWVYJGNsYXNzZXNdTlNNdXRhYmxlRGF0YaMdHyBWTlNEYXRhWE5TT2JqZWN00hscIiNcTlNEaWN0aW9uYXJ5oiIgXxAPTlNLZXllZEFyY2hpdmVy0SYnVHJvb3SAAQAIABEAGgAjAC0AMgA3AEAARgBNAFUAYABnAGoAbABuAHEAcwB1AHcAhACOARYBGwEjA5sDnQOiA60DtgPEA8gDzwPYA90D6gPtA/8EAgQHAAAAAAAAAgEAAAAAAAAAKAAAAAAAAAAAAAAAAAAABAk=}}

@article{Hughes2005,
	Abstract = {The concept of isogeometric analysis is proposed. Basis functions generated from NURBS (Non-Uniform Rational B-Splines) are employed to construct an exact geometric model. For purposes of analysis, the basis is refined and/or its order elevated without changing the geometry or its parameterization. Analogues of finite element h- and p-refinement schemes are presented and a new, more efficient, higher-order concept, k-refinement, is introduced. Refinements are easily implemented and exact geometry is maintained at all levels without the necessity of subsequent communication with a CAD (Computer Aided Design) description. In the context of structural mechanics, it is established that the basis functions are complete with respect to affine transformations, meaning that all rigid body motions and constant strain states are exactly represented. Standard patch tests are likewise satisfied. Numerical examples exhibit optimal rates of convergence for linear elasticity problems and convergence to thin elastic shell solutions. A k-refinement strategy is shown to converge toward monotone solutions for advection-diffusion processes with sharp internal and boundary layers, a very surprising result. It is argued that isogeometric analysis is a viable alternative to standard, polynomial-based, finite element analysis and possesses several advantages. {\textcopyright} 2005 Elsevier B.V. All rights reserved.},
	Author = {Hughes, T. J.R. and Cottrell, J. A. and Bazilevs, Y.},
	Date-Added = {2018-12-18 10:03:02 -0700},
	Date-Modified = {2018-12-18 10:03:02 -0700},
	Doi = {10.1016/j.cma.2004.10.008},
	File = {:Users/jmehr/Box/Research/ReferencePapers/Prospectus/Isogeometric analysis- CAD, finite elements, NURBS, exact geometry and mesh refinement.pdf:pdf},
	Isbn = {9780470749081},
	Issn = {00457825},
	Journal = {Computer Methods in Applied Mechanics and Engineering},
	Keywords = {Boundary layers,CAD,Convergence,Finite element analysis,Fluid dynamics,Geometry,Internal layers,Mesh refinement,NURBS,Shells,Structural analysis,h-refinement,k-refinement,p-refinement},
	Number = {39-41},
	Pages = {4135--4195},
	Pmid = {230451400006},
	Title = {{Isogeometric analysis: CAD, finite elements, NURBS, exact geometry and mesh refinement}},
	Volume = {194},
	Year = {2005},
	Bdsk-Url-1 = {https://doi.org/10.1016/j.cma.2004.10.008}}

@article{Scott2013,
	Author = {Scott, M. a. and Simpson, Robert Napier and Evans, J. a. and Lipton, S. and Bordas, Stephane Pierre Alain and Hughes, T. J. R. and Sederberg, T. W.},
	Date-Added = {2018-12-18 10:03:02 -0700},
	Date-Modified = {2018-12-18 10:03:02 -0700},
	File = {:Users/jmehr/Box/Research/ReferencePapers/IGABEM/Isogeometric{\_}boundary{\_}element{\_}analysis{\_}u.pdf:pdf},
	Journal = {Computer Methods in Applied Mechanics and Engineering},
	Keywords = {QC Physics},
	Number = {February},
	Pages = {197--221},
	Title = {{Isogeometric boundary element analysis using unstructured T-splines}},
	Url = {http://orca.cf.ac.uk/37467/},
	Volume = {254},
	Year = {2013},
	Bdsk-Url-1 = {http://orca.cf.ac.uk/37467/}}

@article{Juttler2017,
	Author = {J{\"{u}}ttler, Bert and Qian, Xiaoping and Scott, Michael A.},
	Date-Added = {2018-12-18 10:03:02 -0700},
	Date-Modified = {2018-12-18 10:03:02 -0700},
	Doi = {10.1016/j.cad.2016.11.002},
	File = {:Users/jmehr/Box/Research/ReferencePapers/Prospectus/Isogeometric design and analysis.pdf:pdf},
	Issn = {00104485},
	Journal = {CAD Computer Aided Design},
	Pages = {1},
	Publisher = {Elsevier Ltd},
	Title = {{Isogeometric design and analysis}},
	Url = {http://dx.doi.org/10.1016/j.cad.2016.11.002},
	Volume = {82},
	Year = {2017},
	Bdsk-Url-1 = {http://dx.doi.org/10.1016/j.cad.2016.11.002}}

@article{Wall2008,
	Abstract = {An old dilemma in structural shape optimization is the needed tight link between design model or geometric description and analysis model. The intention of this paper is to show that isogeometric analysis offers a potential and promising way out of this dilemma. To this end we show a structural shape optimization framework based on the isogeometric analysis approach. With the discretization based on Non-Uniform Rational B-Splines (NURBS) the analysis model represents the structural geometry exactly. Furthermore, NURBS enable efficient geometry control together with smooth boundaries. They are the de facto standard in CAD systems, but are also widely used in a shape optimal design context to define the geometry representation and the design variables. With the presented isogeometric approach to shape optimization, the analysis model is inherently merged with the design model, omitting the typically involved interplay between both. We derive analytical sensitivities for NURBS discretizations which allow application of efficient gradient-based optimization algorithms. The present contribution is restricted to two-dimensional problems of linear elasticity, but the extension to three dimensions and other problem classes is straightforward. Some representative examples demonstrate and validate the methodology. Further, the potential of boundary continuity control within isogeometric structural shape optimization is explored to trigger smooth or less smooth (angular) designs. {\textcopyright} 2008 Elsevier B.V. All rights reserved.},
	Author = {Wall, Wolfgang A. and Frenzel, Moritz A. and Cyron, Christian},
	Date-Added = {2018-12-18 10:03:02 -0700},
	Date-Modified = {2018-12-18 10:03:02 -0700},
	Doi = {10.1016/j.cma.2008.01.025},
	File = {:Users/jmehr/Box/Research/ReferencePapers/USplineOpt/Isogeometric structural shape optimization.pdf:pdf},
	Isbn = {00457825},
	Issn = {00457825},
	Journal = {Computer Methods in Applied Mechanics and Engineering},
	Keywords = {Isogeometric analysis,NURBS,Shape optimal design},
	Number = {33-40},
	Pages = {2976--2988},
	Title = {{Isogeometric structural shape optimization}},
	Volume = {197},
	Year = {2008},
	Bdsk-Url-1 = {https://doi.org/10.1016/j.cma.2008.01.025}}

@book{katz2001low,
	Author = {Katz, Joseph and Plotkin, Allen},
	Date-Added = {2018-12-18 10:03:02 -0700},
	Date-Modified = {2018-12-18 10:03:02 -0700},
	Isbn = {0521665523},
	Publisher = {Cambridge University Press},
	Series = {Cambridge Aerospace Series},
	Title = {{Low-speed aerodynamics}},
	Url = {http://books.google.com/books?hl=en{\&}lr={\&}id=rAS1DmBRLo8C{\&}oi=fnd{\&}pg=PR13{\&}dq=Low-Speed+Aerodynamics{\&}ots=NQutXWRnit{\&}sig=-iAMsxkONdJUbfBXAXBYMnWK3uY},
	Year = {2001},
	Bdsk-Url-1 = {http://books.google.com/books?hl=en%7B%5C&%7Dlr=%7B%5C&%7Did=rAS1DmBRLo8C%7B%5C&%7Doi=fnd%7B%5C&%7Dpg=PR13%7B%5C&%7Ddq=Low-Speed+Aerodynamics%7B%5C&%7Dots=NQutXWRnit%7B%5C&%7Dsig=-iAMsxkONdJUbfBXAXBYMnWK3uY}}

@article{Morino2001Singularities-i,
	Author = {Luigi Morino and Giovanni Bernardini},
	Date-Added = {2018-12-18 10:03:02 -0700},
	Date-Modified = {2018-12-18 10:03:02 -0700},
	Doi = {10.1016/s0955-7997(01)00063-7},
	Journal = {Engineering Analysis with Boundary Elements},
	Month = {oct},
	Number = {9},
	Pages = {805--818},
	Publisher = {Elsevier {BV}},
	Title = {Singularities in BIEs for the Laplace equation; Joukowski trailing-edge conjecture revisited},
	Url = {https://doi.org/10.1016\%2Fs0955-7997\%2801\%2900063-7},
	Volume = {25},
	Year = 2001,
	Bdsk-File-1 = {YnBsaXN0MDDUAQIDBAUGJCVYJHZlcnNpb25YJG9iamVjdHNZJGFyY2hpdmVyVCR0b3ASAAGGoKgHCBMUFRYaIVUkbnVsbNMJCgsMDxJXTlMua2V5c1pOUy5vYmplY3RzViRjbGFzc6INDoACgAOiEBGABIAFgAdccmVsYXRpdmVQYXRoWWFsaWFzRGF0YV8Qky4uLy4uLy4uLy4uLy4uL0JveC9SZXNlYXJjaC9SZWZlcmVuY2VQYXBlcnMvSUdBQkVNL1Npbmd1bGFyaXRpZXMgaW4gQklFcyBmb3IgdGhlIExhcGxhY2UgZXF1YXRpb247IEpvdWtvd3NraSB0cmFpbGluZy1lZGdlIGNvbmplY3R1cmUgcmV2aXNpdGVkLnBkZtIXCxgZV05TLmRhdGFPEQKsAAAAAAKsAAIAAANCb3gAAAAAAAAAAAAAAAAAAAAAAAAAAAAAAAAAAAAAQkQAAf////8fU2luZ3VsYXJpdGllcyBpbiBCI0ZGRkZGRkZGLnBkZgAAAAAAAAAAAAAAAAAAAAAAAAAAAAAAAAAAAAAAAAAA/////wAAAAAAAAAAAAAAAP////8AAAoAY3UAAAAAAAAAAAAAAAAABklHQUJFTQACAJIvOlVzZXJzOmptZWhyOkJveDpSZXNlYXJjaDpSZWZlcmVuY2VQYXBlcnM6SUdBQkVNOlNpbmd1bGFyaXRpZXMgaW4gQklFcyBmb3IgdGhlIExhcGxhY2UgZXF1YXRpb247IEpvdWtvd3NraSB0cmFpbGluZy1lZGdlIGNvbmplY3R1cmUgcmV2aXNpdGVkLnBkZgAOAMIAYABTAGkAbgBnAHUAbABhAHIAaQB0AGkAZQBzACAAaQBuACAAQgBJAEUAcwAgAGYAbwByACAAdABoAGUAIABMAGEAcABsAGEAYwBlACAAZQBxAHUAYQB0AGkAbwBuADsAIABKAG8AdQBrAG8AdwBzAGsAaQAgAHQAcgBhAGkAbABpAG4AZwAtAGUAZABnAGUAIABjAG8AbgBqAGUAYwB0AHUAcgBlACAAcgBlAHYAaQBzAGkAdABlAGQALgBwAGQAZgAPAAgAAwBCAG8AeAASAIEvUmVzZWFyY2gvUmVmZXJlbmNlUGFwZXJzL0lHQUJFTS9TaW5ndWxhcml0aWVzIGluIEJJRXMgZm9yIHRoZSBMYXBsYWNlIGVxdWF0aW9uOyBKb3Vrb3dza2kgdHJhaWxpbmctZWRnZSBjb25qZWN0dXJlIHJldmlzaXRlZC5wZGYAABMAEC9Vc2Vycy9qbWVoci9Cb3gAFQACAAz//wAAgAbSGxwdHlokY2xhc3NuYW1lWCRjbGFzc2VzXU5TTXV0YWJsZURhdGGjHR8gVk5TRGF0YVhOU09iamVjdNIbHCIjXE5TRGljdGlvbmFyeaIiIF8QD05TS2V5ZWRBcmNoaXZlctEmJ1Ryb290gAEACAARABoAIwAtADIANwBAAEYATQBVAGAAZwBqAGwAbgBxAHMAdQB3AIQAjgEkASkBMQPhA+MD6APzA/wECgQOBBUEHgQjBDAEMwRFBEgETQAAAAAAAAIBAAAAAAAAACgAAAAAAAAAAAAAAAAAAARP},
	Bdsk-File-2 = {YnBsaXN0MDDUAQIDBAUGJCVYJHZlcnNpb25YJG9iamVjdHNZJGFyY2hpdmVyVCR0b3ASAAGGoKgHCBMUFRYaIVUkbnVsbNMJCgsMDxJXTlMua2V5c1pOUy5vYmplY3RzViRjbGFzc6INDoACgAOiEBGABIAFgAdccmVsYXRpdmVQYXRoWWFsaWFzRGF0YV8Qky4uLy4uLy4uLy4uLy4uL0JveC9SZXNlYXJjaC9SZWZlcmVuY2VQYXBlcnMvSUdBQkVNL1Npbmd1bGFyaXRpZXMgaW4gQklFcyBmb3IgdGhlIExhcGxhY2UgZXF1YXRpb247IEpvdWtvd3NraSB0cmFpbGluZy1lZGdlIGNvbmplY3R1cmUgcmV2aXNpdGVkLnBkZtIXCxgZV05TLmRhdGFPEQKsAAAAAAKsAAIAAANCb3gAAAAAAAAAAAAAAAAAAAAAAAAAAAAAAAAAAAAAQkQAAf////8fU2luZ3VsYXJpdGllcyBpbiBCI0ZGRkZGRkZGLnBkZgAAAAAAAAAAAAAAAAAAAAAAAAAAAAAAAAAAAAAAAAAA/////wAAAAAAAAAAAAAAAP////8AAAoAY3UAAAAAAAAAAAAAAAAABklHQUJFTQACAJIvOlVzZXJzOmptZWhyOkJveDpSZXNlYXJjaDpSZWZlcmVuY2VQYXBlcnM6SUdBQkVNOlNpbmd1bGFyaXRpZXMgaW4gQklFcyBmb3IgdGhlIExhcGxhY2UgZXF1YXRpb247IEpvdWtvd3NraSB0cmFpbGluZy1lZGdlIGNvbmplY3R1cmUgcmV2aXNpdGVkLnBkZgAOAMIAYABTAGkAbgBnAHUAbABhAHIAaQB0AGkAZQBzACAAaQBuACAAQgBJAEUAcwAgAGYAbwByACAAdABoAGUAIABMAGEAcABsAGEAYwBlACAAZQBxAHUAYQB0AGkAbwBuADsAIABKAG8AdQBrAG8AdwBzAGsAaQAgAHQAcgBhAGkAbABpAG4AZwAtAGUAZABnAGUAIABjAG8AbgBqAGUAYwB0AHUAcgBlACAAcgBlAHYAaQBzAGkAdABlAGQALgBwAGQAZgAPAAgAAwBCAG8AeAASAIEvUmVzZWFyY2gvUmVmZXJlbmNlUGFwZXJzL0lHQUJFTS9TaW5ndWxhcml0aWVzIGluIEJJRXMgZm9yIHRoZSBMYXBsYWNlIGVxdWF0aW9uOyBKb3Vrb3dza2kgdHJhaWxpbmctZWRnZSBjb25qZWN0dXJlIHJldmlzaXRlZC5wZGYAABMAEC9Vc2Vycy9qbWVoci9Cb3gAFQACAAz//wAAgAbSGxwdHlokY2xhc3NuYW1lWCRjbGFzc2VzXU5TTXV0YWJsZURhdGGjHR8gVk5TRGF0YVhOU09iamVjdNIbHCIjXE5TRGljdGlvbmFyeaIiIF8QD05TS2V5ZWRBcmNoaXZlctEmJ1Ryb290gAEACAARABoAIwAtADIANwBAAEYATQBVAGAAZwBqAGwAbgBxAHMAdQB3AIQAjgEkASkBMQPhA+MD6APzA/wECgQOBBUEHgQjBDAEMwRFBEgETQAAAAAAAAIBAAAAAAAAACgAAAAAAAAAAAAAAAAAAARP},
	Bdsk-Url-1 = {https://doi.org/10.1016%5C%2Fs0955-7997%5C%2801%5C%2900063-7},
	Bdsk-Url-2 = {https://doi.org/10.1016/s0955-7997(01)00063-7}}

@article{Gill2002,
	Abstract = {Sequential quadratic programming (SQP) methods have proved highly effective for solving constrained optimization problems with smooth nonlinear functions in the objective and constraints. Here we consider problems with general inequality constraints (linear and nonlinear). We assume that first derivatives are available and that the constraint gradients are sparse.We discuss an SQP algorithm that uses a smooth augmented Lagrangian merit function and makes explicit provision for infeasibility in the original problem and the QP subproblems. SNOPT is a particular implementation that makes use of a semidefinite QP solver. It is based on a limited-memory quasi-Newton approximation to the Hessian of the Lagrangian and uses a reduced-Hessian algorithm (SQOPT) for solving the QP subproblems. It is designed for problems with many thousands of constraints and variables but a moderate number of degrees of freedom (say, up to 2000). An important application is to trajectory optimization in the aerospace industry. Nume...},
	Archiveprefix = {arXiv},
	Arxivid = {17444372724},
	Author = {Gill, Philip E. and Murray, Walter and Saunders, Michael A.},
	Date-Added = {2018-12-18 10:03:02 -0700},
	Date-Modified = {2018-12-18 10:03:02 -0700},
	Doi = {10.1137/S1052623499350013},
	Eprint = {17444372724},
	File = {:Users/jmehr/Library/Application Support/Mendeley Desktop/Downloaded/Gill, Murray, Saunders - 2002 - SNOPT An SQP Algorithm for Large-Scale Constrained Optimization.pdf:pdf},
	Isbn = {0036-1445 1095-7200},
	Issn = {1052-6234},
	Journal = {SIAM Journal on Optimization},
	Keywords = {10,1137,49d37,49j15,49j20,49m37,65f05,65k05,90c30,ams subject classifications,doi,large-scale optimization,limited-memory methods,nonlinear inequality constraints,nonlinear programming,quasi-newton methods,quential quadratic programming,s0036144504446096,se-},
	Number = {4},
	Pages = {979--1006},
	Title = {{SNOPT: An SQP Algorithm for Large-Scale Constrained Optimization}},
	Url = {http://epubs.siam.org/doi/10.1137/S1052623499350013},
	Volume = {12},
	Year = {2002},
	Bdsk-Url-1 = {http://epubs.siam.org/doi/10.1137/S1052623499350013},
	Bdsk-Url-2 = {https://doi.org/10.1137/S1052623499350013}}

@techreport{Blom1983,
	Abstract = {For von Karman-Trefftz profiles, the characteristics which determine profile shape (profile nose dimensions, maximum thickness and position: tail slope and curvature) are stated as a function of transformation variables using the Timman method. The profile is obtained by iterative deformation of a von Karman profile with known transformation, corresponding as well as possible to the desired profile. The figures and relations which enable a good choice of the required profile are given.},
	Author = {Blom, J J H},
	Date-Added = {2018-12-18 10:03:02 -0700},
	Date-Modified = {2018-12-18 10:03:02 -0700},
	File = {:Users/jmehr/Box/Research/ReferencePapers/IGABEM/SOME CHARACTERISTIC QUANTITIES OF KARMAN-TREFFTZ PROFILES.pdf:pdf},
	Institution = {NASA},
	Number = {March},
	Title = {{Some characteristic quantities of Karman-Trefftz profiles}},
	Year = {1983},
	Bdsk-File-1 = {YnBsaXN0MDDUAQIDBAUGJCVYJHZlcnNpb25YJG9iamVjdHNZJGFyY2hpdmVyVCR0b3ASAAGGoKgHCBMUFRYaIVUkbnVsbNMJCgsMDxJXTlMua2V5c1pOUy5vYmplY3RzViRjbGFzc6INDoACgAOiEBGABIAFgAdccmVsYXRpdmVQYXRoWWFsaWFzRGF0YV8QcC4uLy4uLy4uLy4uLy4uL0JveC9SZXNlYXJjaC9SZWZlcmVuY2VQYXBlcnMvSUdBQkVNL1NPTUUgQ0hBUkFDVEVSSVNUSUMgUVVBTlRJVElFUyBPRiBLQVJNQU4tVFJFRkZUWiBQUk9GSUxFUy5wZGbSFwsYGVdOUy5kYXRhTxECIAAAAAACIAACAAADQm94AAAAAAAAAAAAAAAAAAAAAAAAAAAAAAAAAAAAAEJEAAH/////H1NPTUUgQ0hBUkFDVEVSSVNUSSNGRkZGRkZGRi5wZGYAAAAAAAAAAAAAAAAAAAAAAAAAAAAAAAAAAAAAAAAAAP////8AAAAAAAAAAAAAAAD/////AAAKAGN1AAAAAAAAAAAAAAAAAAZJR0FCRU0AAgBvLzpVc2VyczpqbWVocjpCb3g6UmVzZWFyY2g6UmVmZXJlbmNlUGFwZXJzOklHQUJFTTpTT01FIENIQVJBQ1RFUklTVElDIFFVQU5USVRJRVMgT0YgS0FSTUFOLVRSRUZGVFogUFJPRklMRVMucGRmAAAOAHwAPQBTAE8ATQBFACAAQwBIAEEAUgBBAEMAVABFAFIASQBTAFQASQBDACAAUQBVAEEATgBUAEkAVABJAEUAUwAgAE8ARgAgAEsAQQBSAE0AQQBOAC0AVABSAEUARgBGAFQAWgAgAFAAUgBPAEYASQBMAEUAUwAuAHAAZABmAA8ACAADAEIAbwB4ABIAXi9SZXNlYXJjaC9SZWZlcmVuY2VQYXBlcnMvSUdBQkVNL1NPTUUgQ0hBUkFDVEVSSVNUSUMgUVVBTlRJVElFUyBPRiBLQVJNQU4tVFJFRkZUWiBQUk9GSUxFUy5wZGYAEwAQL1VzZXJzL2ptZWhyL0JveAAVAAIADP//AACABtIbHB0eWiRjbGFzc25hbWVYJGNsYXNzZXNdTlNNdXRhYmxlRGF0YaMdHyBWTlNEYXRhWE5TT2JqZWN00hscIiNcTlNEaWN0aW9uYXJ5oiIgXxAPTlNLZXllZEFyY2hpdmVy0SYnVHJvb3SAAQAIABEAGgAjAC0AMgA3AEAARgBNAFUAYABnAGoAbABuAHEAcwB1AHcAhACOAQEBBgEOAzIDNAM5A0QDTQNbA18DZgNvA3QDgQOEA5YDmQOeAAAAAAAAAgEAAAAAAAAAKAAAAAAAAAAAAAAAAAAAA6A=}}

@inproceedings{Rajnarayan2018,
	Address = {Atlanta, GA},
	Author = {Rajnarayan, Dev and Ning, Andrew and Mehr, Judd},
	Booktitle = {AIAA Multidisciplinary Analysis and Optimization Conference},
	Date-Added = {2018-12-18 10:03:02 -0700},
	Date-Modified = {2018-12-18 10:03:02 -0700},
	Doi = {10.2514/6.2018-3949},
	Publisher = {AIAA},
	Title = {{Universal Airfoil Parametrization Using B-Splines}},
	Year = {2018},
	Bdsk-Url-1 = {https://doi.org/10.2514/6.2018-3949}}

@inproceedings{Drela1989,
	Address = {University of Notre Dame},
	Author = {Drela, Mark},
	Booktitle = {Conference on Low Reynolds Number Airfoil Aerodynamics},
	Date-Added = {2018-12-18 10:03:02 -0700},
	Date-Modified = {2018-12-18 10:03:02 -0700},
	File = {:Users/jmehr/Library/Application Support/Mendeley Desktop/Downloaded/Drela - 1989 - XFOIL An Analysis and Design System for Low Reynolds Number Airfoils.pdf:pdf},
	Title = {{XFOIL: An Analysis and Design System for Low Reynolds Number Airfoils}},
	Url = {http://web.mit.edu/drela/Public/papers/xfoil{\_}sv.pdf},
	Year = {1989},
	Bdsk-Url-1 = {http://web.mit.edu/drela/Public/papers/xfoil%7B%5C_%7Dsv.pdf}}

@techreport{Taus2015,
	Abstract = {Isogeometric analysis is applied to boundary integral equations corresponding to boundary-value problems governed by Laplace's equation. It is shown that the smoothness of geometric parametriza- tions central to computer-aided design can be exploited for regularizing integral operators. As a result, one obtains high-order collocation methods based on superior approximation and numerical integration schemes and well-conditioned systems of linear algebraic equations. It is demonstrated that the proposed approach allows one to solve boundary-value problems with an accuracy close to machine precision.},
	Address = {Austin, TX 78712 USA},
	Author = {Taus, Matthias and Rodin, Gregory J and Hughes, Thomas J R and Taus, Reference Matthias and Rodin, Gregory J and Hughes, Thomas J R and Analysis, Isogeometric and Taus, Matthias and Rodin, Gregory J and Hughes, Thomas J R},
	Date-Added = {2018-12-18 10:02:07 -0700},
	Date-Modified = {2018-12-18 10:02:07 -0700},
	File = {:Users/jmehr/Desktop/numericalintegrationhelp.pdf:pdf},
	Institution = {Institute for Computational Engineering and Sciences University of Texas at Austin},
	Number = {April},
	Title = {{ICES REPORT 15-12 Isogeometric Analysis of Boundary Integral Equations by Isogeometric Analysis of Boundary Integral Equations}},
	Year = {2015},
	Bdsk-File-1 = {YnBsaXN0MDDUAQIDBAUGJCVYJHZlcnNpb25YJG9iamVjdHNZJGFyY2hpdmVyVCR0b3ASAAGGoKgHCBMUFRYaIVUkbnVsbNMJCgsMDxJXTlMua2V5c1pOUy5vYmplY3RzViRjbGFzc6INDoACgAOiEBGABIAFgAdccmVsYXRpdmVQYXRoWWFsaWFzRGF0YV8QMy4uLy4uLy4uLy4uLy4uL0Rlc2t0b3AvbnVtZXJpY2FsaW50ZWdyYXRpb25oZWxwLnBkZtIXCxgZV05TLmRhdGFPEQF4AAAAAAF4AAIAAAxNYWNpbnRvc2ggSEQAAAAAAAAAAAAAAAAAAAAAAAAAQkQAAf////8cbnVtZXJpY2FsaW50ZWdyYXRpb25oZWxwLnBkZgAAAAAAAAAAAAAAAAAAAAAAAAAAAAAAAAAAAAAAAAAAAAAA/////wAAAAAAAAAAAAAAAAAFAAIAAAogY3UAAAAAAAAAAAAAAAAAB0Rlc2t0b3AAAAIAMi86VXNlcnM6am1laHI6RGVza3RvcDpudW1lcmljYWxpbnRlZ3JhdGlvbmhlbHAucGRmAA4AOgAcAG4AdQBtAGUAcgBpAGMAYQBsAGkAbgB0AGUAZwByAGEAdABpAG8AbgBoAGUAbABwAC4AcABkAGYADwAaAAwATQBhAGMAaQBuAHQAbwBzAGgAIABIAEQAEgAwVXNlcnMvam1laHIvRGVza3RvcC9udW1lcmljYWxpbnRlZ3JhdGlvbmhlbHAucGRmABMAAS8AABUAAgAM//8AAIAG0hscHR5aJGNsYXNzbmFtZVgkY2xhc3Nlc11OU011dGFibGVEYXRhox0fIFZOU0RhdGFYTlNPYmplY3TSGxwiI1xOU0RpY3Rpb25hcnmiIiBfEA9OU0tleWVkQXJjaGl2ZXLRJidUcm9vdIABAAgAEQAaACMALQAyADcAQABGAE0AVQBgAGcAagBsAG4AcQBzAHUAdwCEAI4AxADJANECTQJPAlQCXwJoAnYCegKBAooCjwKcAp8CsQK0ArkAAAAAAAACAQAAAAAAAAAoAAAAAAAAAAAAAAAAAAACuw==}}

@article{Models2016,
	Author = {Models, Mathematical and Taus, Matthias and Rodin, Gregory J and Hughes, Thomas J R},
	Date-Added = {2018-12-18 09:58:31 -0700},
	Date-Modified = {2018-12-18 09:58:31 -0700},
	Doi = {10.1142/S0218202516500354},
	File = {:Users/jmehr/Box/Research/ReferencePapers/IGABEM/Isogeometric analysis of boundary integral equations- High-order collocation methods for the singular and hyper-singular equations.pdf:pdf},
	Keywords = {22e46,53c35,57s20,ams subject classification,boundary integral equations,collocation,element methods,hyper-singular integral equation,isogeometric analysis,isogeometric boundary},
	Number = {8},
	Pages = {1447--1480},
	Title = {{Isogeometric analysis of boundary integral equations: High-order collocation methods for the singular and hyper-singular equations}},
	Volume = {26},
	Year = {2016},
	Bdsk-File-1 = {YnBsaXN0MDDUAQIDBAUGJCVYJHZlcnNpb25YJG9iamVjdHNZJGFyY2hpdmVyVCR0b3ASAAGGoKgHCBMUFRYaIVUkbnVsbNMJCgsMDxJXTlMua2V5c1pOUy5vYmplY3RzViRjbGFzc6INDoACgAOiEBGABIAFgAdccmVsYXRpdmVQYXRoWWFsaWFzRGF0YV8QuS4uLy4uLy4uLy4uLy4uL0JveC9SZXNlYXJjaC9SZWZlcmVuY2VQYXBlcnMvSUdBQkVNL0lzb2dlb21ldHJpYyBhbmFseXNpcyBvZiBib3VuZGFyeSBpbnRlZ3JhbCBlcXVhdGlvbnMtIEhpZ2gtb3JkZXIgY29sbG9jYXRpb24gbWV0aG9kcyBmb3IgdGhlIHNpbmd1bGFyIGFuZCBoeXBlci1zaW5ndWxhciBlcXVhdGlvbnMucGRm0hcLGBlXTlMuZGF0YU8RA0QAAAAAA0QAAgAAA0JveAAAAAAAAAAAAAAAAAAAAAAAAAAAAAAAAAAAAABCRAAB/////x9Jc29nZW9tZXRyaWMgYW5hbHkjRkZGRkZGRkYucGRmAAAAAAAAAAAAAAAAAAAAAAAAAAAAAAAAAAAAAAAAAAD/////AAAAAAAAAAAAAAAA/////wAACgBjdQAAAAAAAAAAAAAAAAAGSUdBQkVNAAIAuC86VXNlcnM6am1laHI6Qm94OlJlc2VhcmNoOlJlZmVyZW5jZVBhcGVyczpJR0FCRU06SXNvZ2VvbWV0cmljIGFuYWx5c2lzIG9mIGJvdW5kYXJ5IGludGVncmFsIGVxdWF0aW9ucy0gSGlnaC1vcmRlciBjb2xsb2NhdGlvbiBtZXRob2RzIGZvciB0aGUgc2luZ3VsYXIgYW5kIGh5cGVyLXNpbmd1bGFyIGVxdWF0aW9ucy5wZGYADgEOAIYASQBzAG8AZwBlAG8AbQBlAHQAcgBpAGMAIABhAG4AYQBsAHkAcwBpAHMAIABvAGYAIABiAG8AdQBuAGQAYQByAHkAIABpAG4AdABlAGcAcgBhAGwAIABlAHEAdQBhAHQAaQBvAG4AcwAtACAASABpAGcAaAAtAG8AcgBkAGUAcgAgAGMAbwBsAGwAbwBjAGEAdABpAG8AbgAgAG0AZQB0AGgAbwBkAHMAIABmAG8AcgAgAHQAaABlACAAcwBpAG4AZwB1AGwAYQByACAAYQBuAGQAIABoAHkAcABlAHIALQBzAGkAbgBnAHUAbABhAHIAIABlAHEAdQBhAHQAaQBvAG4AcwAuAHAAZABmAA8ACAADAEIAbwB4ABIApy9SZXNlYXJjaC9SZWZlcmVuY2VQYXBlcnMvSUdBQkVNL0lzb2dlb21ldHJpYyBhbmFseXNpcyBvZiBib3VuZGFyeSBpbnRlZ3JhbCBlcXVhdGlvbnMtIEhpZ2gtb3JkZXIgY29sbG9jYXRpb24gbWV0aG9kcyBmb3IgdGhlIHNpbmd1bGFyIGFuZCBoeXBlci1zaW5ndWxhciBlcXVhdGlvbnMucGRmAAATABAvVXNlcnMvam1laHIvQm94ABUAAgAM//8AAIAG0hscHR5aJGNsYXNzbmFtZVgkY2xhc3Nlc11OU011dGFibGVEYXRhox0fIFZOU0RhdGFYTlNPYmplY3TSGxwiI1xOU0RpY3Rpb25hcnmiIiBfEA9OU0tleWVkQXJjaGl2ZXLRJidUcm9vdIABAAgAEQAaACMALQAyADcAQABGAE0AVQBgAGcAagBsAG4AcQBzAHUAdwCEAI4BSgFPAVcEnwShBKYEsQS6BMgEzATTBNwE4QTuBPEFAwUGBQsAAAAAAAACAQAAAAAAAAAoAAAAAAAAAAAAAAAAAAAFDQ==},
	Bdsk-Url-1 = {https://doi.org/10.1142/S0218202516500354}}

@article{Kostas2017Shape-optimizat,
	Author = {K.V. Kostas and A.I. Ginnis and C.G. Politis and P.D. Kaklis},
	Date-Added = {2018-12-18 09:53:54 -0700},
	Date-Modified = {2018-12-18 09:53:54 -0700},
	Doi = {10.1016/j.cad.2016.07.002},
	Journal = {Computer-Aided Design},
	Month = {jan},
	Pages = {79--87},
	Publisher = {Elsevier {BV}},
	Title = {Shape-optimization of 2D hydrofoils using an Isogeometric {BEM} solver},
	Url = {https://doi.org/10.1016\%2Fj.cad.2016.07.002},
	Volume = {82},
	Year = 2017,
	Bdsk-File-1 = {YnBsaXN0MDDUAQIDBAUGJCVYJHZlcnNpb25YJG9iamVjdHNZJGFyY2hpdmVyVCR0b3ASAAGGoKgHCBMUFRYaIVUkbnVsbNMJCgsMDxJXTlMua2V5c1pOUy5vYmplY3RzViRjbGFzc6INDoACgAOiEBGABIAFgAdccmVsYXRpdmVQYXRoWWFsaWFzRGF0YV8Qey4uLy4uLy4uLy4uLy4uL0JveC9SZXNlYXJjaC9SZWZlcmVuY2VQYXBlcnMvSUdBQkVNL1NoYXBlLW9wdGltaXphdGlvbiBvZiAyRCBoeWRyb2ZvaWxzIHVzaW5nIGFuIElzb2dlb21ldHJpYyBCRU0gc29sdmVyLnBkZtIXCxgZV05TLmRhdGFPEQJMAAAAAAJMAAIAAANCb3gAAAAAAAAAAAAAAAAAAAAAAAAAAAAAAAAAAAAAQkQAAf////8fU2hhcGUtb3B0aW1pemF0aW9uI0ZGRkZGRkZGLnBkZgAAAAAAAAAAAAAAAAAAAAAAAAAAAAAAAAAAAAAAAAAA/////wAAAAAAAAAAAAAAAP////8AAAoAY3UAAAAAAAAAAAAAAAAABklHQUJFTQACAHovOlVzZXJzOmptZWhyOkJveDpSZXNlYXJjaDpSZWZlcmVuY2VQYXBlcnM6SUdBQkVNOlNoYXBlLW9wdGltaXphdGlvbiBvZiAyRCBoeWRyb2ZvaWxzIHVzaW5nIGFuIElzb2dlb21ldHJpYyBCRU0gc29sdmVyLnBkZgAOAJIASABTAGgAYQBwAGUALQBvAHAAdABpAG0AaQB6AGEAdABpAG8AbgAgAG8AZgAgADIARAAgAGgAeQBkAHIAbwBmAG8AaQBsAHMAIAB1AHMAaQBuAGcAIABhAG4AIABJAHMAbwBnAGUAbwBtAGUAdAByAGkAYwAgAEIARQBNACAAcwBvAGwAdgBlAHIALgBwAGQAZgAPAAgAAwBCAG8AeAASAGkvUmVzZWFyY2gvUmVmZXJlbmNlUGFwZXJzL0lHQUJFTS9TaGFwZS1vcHRpbWl6YXRpb24gb2YgMkQgaHlkcm9mb2lscyB1c2luZyBhbiBJc29nZW9tZXRyaWMgQkVNIHNvbHZlci5wZGYAABMAEC9Vc2Vycy9qbWVoci9Cb3gAFQACAAz//wAAgAbSGxwdHlokY2xhc3NuYW1lWCRjbGFzc2VzXU5TTXV0YWJsZURhdGGjHR8gVk5TRGF0YVhOU09iamVjdNIbHCIjXE5TRGljdGlvbmFyeaIiIF8QD05TS2V5ZWRBcmNoaXZlctEmJ1Ryb290gAEACAARABoAIwAtADIANwBAAEYATQBVAGAAZwBqAGwAbgBxAHMAdQB3AIQAjgEMAREBGQNpA2sDcAN7A4QDkgOWA50DpgOrA7gDuwPNA9AD1QAAAAAAAAIBAAAAAAAAACgAAAAAAAAAAAAAAAAAAAPX},
	Bdsk-Url-1 = {https://doi.org/10.1016%5C%2Fj.cad.2016.07.002},
	Bdsk-Url-2 = {https://doi.org/10.1016/j.cad.2016.07.002}}

@article{Heltai2017A-natural-frame,
	Author = {Luca Heltai and Josef Kiendl and Antonio DeSimone and Alessandro Reali},
	Date-Added = {2018-12-18 09:52:11 -0700},
	Date-Modified = {2018-12-18 09:52:11 -0700},
	Doi = {10.1016/j.cma.2016.08.008},
	Journal = {Computer Methods in Applied Mechanics and Engineering},
	Month = {apr},
	Pages = {522--546},
	Publisher = {Elsevier {BV}},
	Title = {A natural framework for isogeometric fluid{\textendash}structure interaction based on {BEM}{\textendash}shell coupling},
	Url = {https://doi.org/10.1016\%2Fj.cma.2016.08.008},
	Volume = {316},
	Year = 2017,
	Bdsk-File-1 = {YnBsaXN0MDDUAQIDBAUGJCVYJHZlcnNpb25YJG9iamVjdHNZJGFyY2hpdmVyVCR0b3ASAAGGoKgHCBMUFRYaIVUkbnVsbNMJCgsMDxJXTlMua2V5c1pOUy5vYmplY3RzViRjbGFzc6INDoACgAOiEBGABIAFgAdccmVsYXRpdmVQYXRoWWFsaWFzRGF0YW8QkgAuAC4ALwAuAC4ALwAuAC4ALwAuAC4ALwAuAC4ALwBCAG8AeAAvAFIAZQBzAGUAYQByAGMAaAAvAFIAZQBmAGUAcgBlAG4AYwBlAFAAYQBwAGUAcgBzAC8ASQBHAEEAQgBFAE0ALwBBACAAbgBhAHQAdQByAGEAbAAgAGYAcgBhAG0AZQB3AG8AcgBrACAAZgBvAHIAIABpAHMAbwBnAGUAbwBtAGUAdAByAGkAYwAgAGYAbAB1AGkAZCATAHMAdAByAHUAYwB0AHUAcgBlACAAaQBuAHQAZQByAGEAYwB0AGkAbwBuAGIAYQBzAGUAZAAgAG8AbgAgAEIARQBNIBMAcwBoAGUAbABsACAAYwBvAHUAcABsAGkAbgBnAC4AcABkAGbSFwsYGVdOUy5kYXRhTxECsAAAAAACsAACAAADQm94AAAAAAAAAAAAAAAAAAAAAAAAAAAAAAAAAAAAAEJEAAH/////H0EgbmF0dXJhbCBmcmFtZXdvciNGRkZGRkZGRi5wZGYAAAAAAAAAAAAAAAAAAAAAAAAAAAAAAAAAAAAAAAAAAP////8AAAAAAAAAAAAAAAD/////AAAKAGN1AAAAAAAAAAAAAAAAAAZJR0FCRU0AAgCVLzpVc2VyczpqbWVocjpCb3g6UmVzZWFyY2g6UmVmZXJlbmNlUGFwZXJzOklHQUJFTTpBIG5hdHVyYWwgZnJhbWV3b3JrIGZvciBpc29nZW9tZXRyaWMgZmx1aWTigJNzdHJ1Y3R1cmUgaW50ZXJhY3Rpb25iYXNlZCBvbiBCRU3igJNzaGVsbCBjb3VwbGluZy5wZGYAAA4AwABfAEEAIABuAGEAdAB1AHIAYQBsACAAZgByAGEAbQBlAHcAbwByAGsAIABmAG8AcgAgAGkAcwBvAGcAZQBvAG0AZQB0AHIAaQBjACAAZgBsAHUAaQBkIBMAcwB0AHIAdQBjAHQAdQByAGUAIABpAG4AdABlAHIAYQBjAHQAaQBvAG4AYgBhAHMAZQBkACAAbwBuACAAQgBFAE0gEwBzAGgAZQBsAGwAIABjAG8AdQBwAGwAaQBuAGcALgBwAGQAZgAPAAgAAwBCAG8AeAASAIQvUmVzZWFyY2gvUmVmZXJlbmNlUGFwZXJzL0lHQUJFTS9BIG5hdHVyYWwgZnJhbWV3b3JrIGZvciBpc29nZW9tZXRyaWMgZmx1aWTigJNzdHJ1Y3R1cmUgaW50ZXJhY3Rpb25iYXNlZCBvbiBCRU3igJNzaGVsbCBjb3VwbGluZy5wZGYAEwAQL1VzZXJzL2ptZWhyL0JveAAVAAIADP//AACABtIbHB0eWiRjbGFzc25hbWVYJGNsYXNzZXNdTlNNdXRhYmxlRGF0YaMdHyBWTlNEYXRhWE5TT2JqZWN00hscIiNcTlNEaWN0aW9uYXJ5oiIgXxAPTlNLZXllZEFyY2hpdmVy0SYnVHJvb3SAAQAIABEAGgAjAC0AMgA3AEAARgBNAFUAYABnAGoAbABuAHEAcwB1AHcAhACOAbUBugHCBHYEeAR9BIgEkQSfBKMEqgSzBLgExQTIBNoE3QTiAAAAAAAAAgEAAAAAAAAAKAAAAAAAAAAAAAAAAAAABOQ=},
	Bdsk-File-2 = {YnBsaXN0MDDUAQIDBAUGJCVYJHZlcnNpb25YJG9iamVjdHNZJGFyY2hpdmVyVCR0b3ASAAGGoKgHCBMUFRYaIVUkbnVsbNMJCgsMDxJXTlMua2V5c1pOUy5vYmplY3RzViRjbGFzc6INDoACgAOiEBGABIAFgAdccmVsYXRpdmVQYXRoWWFsaWFzRGF0YW8QkgAuAC4ALwAuAC4ALwAuAC4ALwAuAC4ALwAuAC4ALwBCAG8AeAAvAFIAZQBzAGUAYQByAGMAaAAvAFIAZQBmAGUAcgBlAG4AYwBlAFAAYQBwAGUAcgBzAC8ASQBHAEEAQgBFAE0ALwBBACAAbgBhAHQAdQByAGEAbAAgAGYAcgBhAG0AZQB3AG8AcgBrACAAZgBvAHIAIABpAHMAbwBnAGUAbwBtAGUAdAByAGkAYwAgAGYAbAB1AGkAZCATAHMAdAByAHUAYwB0AHUAcgBlACAAaQBuAHQAZQByAGEAYwB0AGkAbwBuAGIAYQBzAGUAZAAgAG8AbgAgAEIARQBNIBMAcwBoAGUAbABsACAAYwBvAHUAcABsAGkAbgBnAC4AcABkAGbSFwsYGVdOUy5kYXRhTxECsAAAAAACsAACAAADQm94AAAAAAAAAAAAAAAAAAAAAAAAAAAAAAAAAAAAAEJEAAH/////H0EgbmF0dXJhbCBmcmFtZXdvciNGRkZGRkZGRi5wZGYAAAAAAAAAAAAAAAAAAAAAAAAAAAAAAAAAAAAAAAAAAP////8AAAAAAAAAAAAAAAD/////AAAKAGN1AAAAAAAAAAAAAAAAAAZJR0FCRU0AAgCVLzpVc2VyczpqbWVocjpCb3g6UmVzZWFyY2g6UmVmZXJlbmNlUGFwZXJzOklHQUJFTTpBIG5hdHVyYWwgZnJhbWV3b3JrIGZvciBpc29nZW9tZXRyaWMgZmx1aWTigJNzdHJ1Y3R1cmUgaW50ZXJhY3Rpb25iYXNlZCBvbiBCRU3igJNzaGVsbCBjb3VwbGluZy5wZGYAAA4AwABfAEEAIABuAGEAdAB1AHIAYQBsACAAZgByAGEAbQBlAHcAbwByAGsAIABmAG8AcgAgAGkAcwBvAGcAZQBvAG0AZQB0AHIAaQBjACAAZgBsAHUAaQBkIBMAcwB0AHIAdQBjAHQAdQByAGUAIABpAG4AdABlAHIAYQBjAHQAaQBvAG4AYgBhAHMAZQBkACAAbwBuACAAQgBFAE0gEwBzAGgAZQBsAGwAIABjAG8AdQBwAGwAaQBuAGcALgBwAGQAZgAPAAgAAwBCAG8AeAASAIQvUmVzZWFyY2gvUmVmZXJlbmNlUGFwZXJzL0lHQUJFTS9BIG5hdHVyYWwgZnJhbWV3b3JrIGZvciBpc29nZW9tZXRyaWMgZmx1aWTigJNzdHJ1Y3R1cmUgaW50ZXJhY3Rpb25iYXNlZCBvbiBCRU3igJNzaGVsbCBjb3VwbGluZy5wZGYAEwAQL1VzZXJzL2ptZWhyL0JveAAVAAIADP//AACABtIbHB0eWiRjbGFzc25hbWVYJGNsYXNzZXNdTlNNdXRhYmxlRGF0YaMdHyBWTlNEYXRhWE5TT2JqZWN00hscIiNcTlNEaWN0aW9uYXJ5oiIgXxAPTlNLZXllZEFyY2hpdmVy0SYnVHJvb3SAAQAIABEAGgAjAC0AMgA3AEAARgBNAFUAYABnAGoAbABuAHEAcwB1AHcAhACOAbUBugHCBHYEeAR9BIgEkQSfBKMEqgSzBLgExQTIBNoE3QTiAAAAAAAAAgEAAAAAAAAAKAAAAAAAAAAAAAAAAAAABOQ=},
	Bdsk-Url-1 = {https://doi.org/10.1016%5C%2Fj.cma.2016.08.008},
	Bdsk-Url-2 = {https://doi.org/10.1016/j.cma.2016.08.008}}
